<?xml version="1.0" encoding="UTF-8" standalone="yes"?><bibs total_record_count="1"><bib><mms_id>99171146000521</mms_id><record_format>marc21</record_format><linked_record_id type="CZ">992550000000065161</linked_record_id><title>Deafness in Dogs and Cats /</title><author>Strain, George M.</author><isbn>1-84593-764-3</isbn><network_numbers><network_number>(OCoLC)782875625</network_number><network_number>(EBL)795435</network_number><network_number>(CKB)2550000000065161</network_number><network_number>(EXLCZ)992550000000065161</network_number></network_numbers><place_of_publication>Wallingford, UK :</place_of_publication><date_of_publication>2011.</date_of_publication><publisher_const>CABI</publisher_const><holdings link="https://api-na.hosted.exlibrisgroup.com/almaws/v1/bibs/99171146000521/holdings"/><created_by>CKB</created_by><created_date>2012-02-25Z</created_date><last_modified_by>unicorn######82SNU_INST</last_modified_by><last_modified_date>2016-06-01Z</last_modified_date><suppress_from_publishing>false</suppress_from_publishing><suppress_from_external_search>false</suppress_from_external_search><sync_with_oclc>NONE</sync_with_oclc><sync_with_libraries_australia>NONE</sync_with_libraries_australia><originating_system>CKB</originating_system><originating_system_id>2550000000065161</originating_system_id><record><leader>02179nam a22002533u 4500</leader><controlfield tag="001">99171146000521</controlfield><controlfield tag="005">20151012121019.0</controlfield><controlfield tag="006">m        d        </controlfield><controlfield tag="008">151012s2011||||-uka   |||||||||1|||eng||</controlfield><datafield ind1=" " ind2=" " tag="020"><subfield code="e">1-283-31993-4</subfield></datafield><datafield ind1=" " ind2=" " tag="020"><subfield code="e">9786613319937</subfield></datafield><datafield ind1=" " ind2=" " tag="020"><subfield code="e">1-84593-786-4</subfield></datafield><datafield ind1=" " ind2=" " tag="020"><subfield code="a">1-84593-937-9</subfield></datafield><datafield ind1=" " ind2=" " tag="020"><subfield code="a">1-84593-764-3</subfield></datafield><datafield ind1=" " ind2=" " tag="035"><subfield code="a">(CKB)2550000000065161</subfield></datafield><datafield ind1=" " ind2=" " tag="035"><subfield code="a">(EBL)795435</subfield></datafield><datafield ind1=" " ind2=" " tag="035"><subfield code="a">(OCoLC)782875625</subfield></datafield><datafield ind1=" " ind2=" " tag="035"><subfield code="a">(EXLCZ)992550000000065161</subfield></datafield><datafield ind1=" " ind2=" " tag="040"><subfield code="a">AU-PeEL</subfield><subfield code="b">eng</subfield><subfield code="c">AU-PeEL</subfield><subfield code="d">AU-PeEL</subfield></datafield><datafield ind1="0" ind2="0" tag="082"><subfield code="a">636.08978</subfield></datafield><datafield ind1=" " ind2=" " tag="092"><subfield code="a">636.08978</subfield><subfield code="b">St81d</subfield><subfield code="c">2011</subfield></datafield><datafield ind1="1" ind2=" " tag="100"><subfield code="a">Strain, George M.</subfield></datafield><datafield ind1="1" ind2="0" tag="245"><subfield code="a">Deafness in Dogs and Cats /</subfield><subfield code="c">George M. Strain</subfield></datafield><datafield ind1=" " ind2=" " tag="260"><subfield code="a">Wallingford, UK :</subfield><subfield code="b">CABI,</subfield><subfield code="c">2011.</subfield></datafield><datafield ind1=" " ind2=" " tag="300"><subfield code="a">viii, 150 p. :</subfield><subfield code="b">ill. ;</subfield><subfield code="c">24 cm.</subfield></datafield><datafield ind1=" " ind2=" " tag="504"><subfield code="a">Includes bibliographies and index.</subfield></datafield><datafield ind1="0" ind2=" " tag="505"><subfield code="a">Contents; Preface; 1 Anatomy of the Auditory System; Anatomy of the External Ear; Anatomy of the Middle Ear; Anatomy of the Inner Ear; Development of the Ear; Blood Supply of the Ear; Innervation of the Ear; 2 Physiology of the Auditory System; Sound; Divisions of the Ear; Sound Localization; Central Projections; 3 Forms and Mechanisms of Deafness; Unilateral versus Bilateral Deafness; Partial versus Total Deafness; Syndromic versus Non-syndromic Deafness; Peripheral versus Central Deafness; Forms of Peripheral Deafness; Other Forms of Hearing Disturbance; Treatment of Deafness</subfield></datafield><datafield ind1="8" ind2=" " tag="505"><subfield code="a">4 Hereditary DeafnessDogs; Cats; 5 Later Onset Deafness; Ototoxicity; Presbycusis; Noise Trauma; Anesthesia-associated Deafness; Conduction Deafness; 6 Brainstem Auditory Evoked Response (BAER); Biophysics of BAER Recordings; Overview of the BAER; Extrinsic Factors Affecting the BAER; Intrinsic Factors Affecting the BAER; Clinical Applications of the BAER; 7 Other Tests of Auditory Function; Endocochlear Potential; Cochlear Microphonic and Summating Potential; Electrocochleogram; Acoustic Impedance, Tympanometry and the Acoustic Reflex; Middle- and Long-latency-evoked Responses</subfield></datafield><datafield ind1="8" ind2=" " tag="505"><subfield code="a">Distortion Product Otoacoustic EmissionsSaccule- and Vestibular-evoked Myogenic Potentials; 8 Living with a Deaf Dog or Cat; Behavior of Deaf Animals; Hand Signal Training; Counseling For Owners/Breeders of Deaf Animals; References; Index; A; B; C; D; E; F; G; H; I; L; M; N; O; P; Q; R; S; T; U; V; W</subfield></datafield><datafield ind1=" " ind2=" " tag="906"><subfield code="a">BOOK</subfield></datafield><datafield ind1=" " ind2=" " tag="AVE"><subfield code="8">5358579250000521</subfield><subfield code="c">6158570000000521</subfield><subfield code="e">Available</subfield><subfield code="m">CABI Books Animal and Veterinary Science</subfield><subfield code="t">CABI</subfield><subfield code="u">publishing_base_url undefined?u.ignore_date_coverage=true&amp;rft.mms_id=99171146000521</subfield></datafield></record></bib></bibs>